%====================================================================
% Arquivo bib com a base de dados referentes a bibliografia
%===================================================================

@misc{borgesdl,
  author = {BORGES, D. L.},
  title  = {Dinâmica de tempo e pacing no campeonato brasileiro feminino de skyrunning},
  school = {Faculdade de Educação Física e Fisioterapia, Universidade Federal de Uberlândia},
  year   = {2023},
  type   = {Trabalho de Conclusão de Curso}
}

@article{francagl,
  author  = {G. L. DE FRANÇA and D. L. DE FRANÇA and A. F. CAREGNATO},
  title   = {Motivos da Adesão em Atividades de Aventura na Natureza e as Influências na Qualidade de Vida de seus Praticantes.},
  journal = {LICERE - Revista Do Programa De Pós-graduação Interdisciplinar Em Estudos Do Lazer},
  year    = {2021},
  volume  = {24},
  number  = {3},
  pages   = {182–203},
  note    = {https://doi.org/10.35699/2447-6218.2021.36311}
}

@book{hoffmann,
  author    = {RODOLFO, HOFFMANN},
  title     = {Análise de regressão: uma introdução à econometria.},
  year      = {2016},
  edition   = {4},
  publisher = {Universidade de São Paulo. Escola Superior de Agricultura Luiz de Queiroz},
  doi       = {https://doi.org/10.11606/9788592105709}
}

@article{macqueen1967,
  title        = {Some methods for classification and analysis of multivariate observations},
  author       = {MacQueen, James},
  journal      = {Proceedings of the fifth Berkeley symposium on mathematical statistics and probability},
  volume       = {1},
  number       = {14},
  pages        = {281--297},
  year         = {1967},
  organization = {University of California Press}
}

@book{mitchell2019web,
  title     = {Web Scraping com Python: Coletando mais dados da web moderna},
  author    = {Mitchell, R.},
  isbn      = {9788575227343},
  url       = {https://books.google.com.br/books?id=95qODwAAQBAJ},
  year      = {2019},
  publisher = {Novatec Editora}
}

@book{montgomery2012,
  title     = {Introdu{\c{c}}{\~a}o {\`a} An{\'a}lise de Regress{\~a}o Linear},
  author    = {Montgomery, Douglas C. and Peck, Elizabeth A. and Vining, G. Geoffrey},
  year      = {2012},
  publisher = {LTC},
  address   = {Rio de Janeiro},
  edition   = {5}
}

% Citação para o livro que justifica a necessidade de escalar dados em ML
@book{muller2016,
  author    = {Müller, Andreas C. and Guido, Sarah},
  title     = {Introduction to Machine Learning with Python: A Guide for Data Scientists},
  publisher = {O'Reilly Media},
  year      = {2016},
  isbn      = {978-1449369415}
}

% Citação para a documentação do Scikit-learn (justifica a padronização)
@article{rubin1976,
  title     = {Inference and missing data},
  author    = {Rubin, Donald B},
  journal   = {Biometrika},
  volume    = {63},
  number    = {3},
  pages     = {581--592},
  year      = {1976},
  publisher = {Oxford University Press}
}

% Citação de referência para o Método do Cotovelo (Elbow Method)
@misc{scikitlearn_preprocessing,
  author       = {{Scikit-learn Developers}},
  title        = {6.3. Preprocessing data -- StandardScaler},
  howpublished = {\url{https://scikit-learn.org/stable/modules/preprocessing.html}},
  year         = {2024},
  note         = {Acessado em: 16-09-2025}
}

@book{siegel1988,
  title     = {Estat{\'\i}stica N{\~a}o-Param{\'e}trica para as Ci{\^e}ncias do Comportamento},
  author    = {Siegel, Sidney and Castellan Jr, N John},
  year      = {2006},
  publisher = {Artmed Editora},
  address   = {Porto Alegre},
  edition   = {2}
}

@misc{strava_info,
  author = {STRAVA},
  title  = {About},
  year   = {2024},
  url    = {https://www.strava.com/about},
  note   = {acessado em 14/03/2024}
}

@misc{strava_pesquisa,
  author = {STRAVA},
  title  = {Strava Year In Sport Trend Report: Insights on the World of Exercise},
  year   = {2024},
  url    = {https://stories.strava.com/articles/strava-year-in-sport-trend-report-insights-on-the-world-of-exercise},
  note   = {acessado em 14/03/2024}
}

@article{thorndike1953,
  author  = {Thorndike, Robert L.},
  title   = {Who belongs in the family?},
  journal = {Psychometrika},
  volume  = {18},
  number  = {4},
  pages   = {267--276},
  year    = {1953}
}


@book{witten2011,
  title     = {Data Mining: T{\'e}cnicas e Aplica{\c{c}}{\~o}es de Aprendizado de M{\'a}quina},
  author    = {Witten, Ian H. and Frank, Eibe and Hall, Mark A.},
  year      = {2011},
  publisher = {LTC},
  address   = {Rio de Janeiro},
  edition   = {3}
}